@online{ibm2023,
  author  = {IBM},
  title   = {Using CountVectorizer for NLP feature extraction},
  year    = {2023},
  url     = {https://www.ibm.com/reference/python/countvectorizer},
  note    = {Accedido: 14-09-2025},
}

@online{bhattarai2025,
  author  = {Siddhant Bhattarai},
  title   = {Comprehensive Guide to Probabilistic Reasoning and Bayesian Networks},
  year    = {2025},
  publisher = {Siddhant Academy},
  url     = {https://siddhantbhattarai.hashnode.dev/comprehensive-guide-to-probabilistic-reasoning-and-bayesian-networks},
  note    = {Accedido: 14-09-2025},
}
@online{murel2024,
  author    = {Jacob Murel Ph.D.},
  title     = {¿Qué es una matriz de confusión?},
  year      = {2024},
  publisher = {IBM},
  url       = {https://www.ibm.com/mx-es/think/topics/confusion-matrix},
  note      = {Accedido: 14-09-2025},
}
@online{jayaswal2020,
  author    = {Vaibhav Jayaswal},
  title     = {Laplace smoothing in Naive Bayes algorithm},
  year      = {2020},
  publisher = {Towards Data Science},
  url       = {https://towardsdatascience.com/laplace-smoothing-in-naive-bayes-algorithm-9c237a8bdece/},
  note      = {Accedido: 14-09-2025},
}

